@techreport{cub,
  Title = {{The Caltech-UCSD Birds-200-2011 Dataset}},
  Author = {Wah, C. and Branson, S. and Welinder, P. and Perona, P. and Belongie, S.},
  Year = {2011},
  Institution = {California Institute of Technology},
  Number = {CNS-TR-2011-001}
}

@article{ilsvrc,
  year={2015},
  journal={IJCV},
  title={ImageNet Large Scale Visual Recognition Challenge},
  author={Russakovsky, Olga and Deng, Jia and Su, Hao and Krause, Jonathan and Satheesh, Sanjeev and Ma, Sean and Huang, Zhiheng and Karpathy, Andrej and Khosla, Aditya and Bernstein, Michael and Berg, AlexanderC. and Fei-Fei, Li}
}

@inproceedings{alexnet,
  title={Imagenet classification with deep convolutional neural networks},
  author={Krizhevsky, Alex and Sutskever, Ilya and Hinton, Geoffrey E},
  booktitle={NIPS},
  year={2012}
}

@inproceedings{deconv,
  title={Visualizing and Understanding Convolutional Neural Networks},
  author={Zeiler, Matthew D and Fergus, Rob},
  booktitle={ECCV},
  year={2014},
}

@inproceedings{poof,
  title={POOF: Part-based one-vs.-one features for fine-grained categorization, face verification, and attribute estimation},
  author={Berg, Thomas and Belhumeur, Peter N},
  booktitle={CVPR},
  year={2013},
}

@inproceedings{npt,
  title={Nonparametric part transfer for fine-grained recognition},
  author={Goring, Christoph and Rodner, Erik and Freytag, Alexander and Denzler, Joachim},
  booktitle={CVPR},
  year={2014}
}

@inproceedings{partrcnn,
  title={Part-Based R-CNNs for Fine-Grained Category Detection},
  author={Zhang, Ning and Donahue, Jeff and Girshick, Ross and Darrell, Trevor},
  booktitle={ECCV},
  year={2014}
}

@article{caffe,
  Author = {Jia, Yangqing and Shelhamer, Evan and Donahue, Jeff and Karayev, Sergey and Long, Jonathan and Girshick, Ross and Guadarrama, Sergio and Darrell, Trevor},
  Journal = {arXiv preprint arXiv:1408.5093},
  Title = {Caffe: Convolutional Architecture for Fast Feature Embedding},
  Year = {2014}
}

@inproceedings{verydeep,
  title={Very deep convolutional networks for large-scale image recognition},
  author={Simonyan, Karen and Zisserman, Andrew},
  booktile={ICLR},
  year={2015}
}

@inproceedings{rcnn,
  Author    = {Ross Girshick and
               Jeff Donahue and
               Trevor Darrell and
               Jitendra Malik},
  Title     = {Rich feature hierarchies for accurate
               object detection and semantic segmentation},
  Booktitle = {CVPR},
  Year      = {2014}
}

@article{rf_is_good,
  title={Do we need hundreds of classifiers to solve real world classification problems?},
  author={Fern{\'a}ndez-Delgado, Manuel and Cernadas, Eva and Barro, Sen{\'e}n and Amorim, Dinani},
  journal={The Journal of Machine Learning Research},
  volume={15},
  number={1},
  pages={3133--3181},
  year={2014},
  publisher={JMLR. org}
}

@Article {rf_book,
  author       = {Antonio Criminisi and Jamie Shotton and Ender Konukoglu},
  journal      = {Foundations and Trends{\rm} in Computer Graphics and Vision: Vol. 7: No 2-3, pp
                  81-227},
  publisher    = {NOW Publishers},
  title        = {Decision Forests: A Unified Framework for Classification, Regression, Density
                  Estimation, Manifold Learning and Semi-Supervised Learning},
  url          = {http://research.microsoft.com/apps/pubs/default.aspx?id=158806},
  year         = {2012},
}

@inproceedings{hypercolumn,
  Author    = {Bharath Hariharan and
               Pablo Arbel\'{a}ez and
               Ross Girshick and
               Jitendra Malik},
  Title     = {Hypercolumns for object segmentation
               and fine-grained localization},
  Booktitle = {CVPR},
  Year      = {2015}}
